@Article{Chelaru2023,
  author = {Marius Chelaru},
  date   = {2023-05-26},
  title  = {A look into the future: how prepared are we for the nis2 directive?},
  url    = {https://www.upit.ro/_document/298096/e-book_iccu2023.pdf#page=88},
}

@Article{NIS2Directive2022,
  author = {{NIS 2 Directive}},
  date   = {2022-12-27},
  title  = {EUR-Lex Document 32022L2555},
}

@Legislation{Groothuis2021,
  date   = {2021-12-16},
  title  = {The NIS2 DirectiveA high common level of cybersecurity in the EU},
  author = {Bart Groothuis and Eva Maydell and Eva Kaili Rasmus and Andresen and Thierry Mariani and Evžen Tošenovský and Marisa Matias},
}

@Article{Nielsen2023,
  author = {Christian Nielsen},
  date   = {2023-11-17},
  title  = {How Regulation Affects Business Model Innovation},
  url    = {https://journals.aau.dk/index.php/JOBM/article/view/8127},
}

@Article{Kotenko2022,
  author = {Igor Kotenko and Elena Doynikova and Andrey Fedorchenko and Vasily Desnitsky},
  date   = {2022-06-28},
  title  = {Automation of Asset Inventory for Cyber Security: Investigation of Event Correlation-Based Technique},
  url    = {https://doi.org/10.3390/electronics11152368},
  journaltitle = {Electronics},
}

@Article{Kobezak2018,
  author = {Kobezak, Philip and Marchany, Randy and Raymond, David and  Tront, Joseph},
  date   = {2018-01-03},
  title  = {Host Inventory Controls and Systems Survey: Evaluating the CIS Critical Security Control One in Higher Education Networks},
  url    = {http://hdl.handle.net/10125/50486},
}

@Book{Antal2010,
  author    = {Antal, Barzan "Tony"},
  publisher = {Packt Publishing},
  title     = {It Inventory and Resource Management with Ocs Inventory Ng 1.02},
  year      = {2010},
  isbn      = {9781849511100},
}

@Comment{jabref-meta: databaseType:bibtex;}
