% Encoding: UTF-8

@WWW{snipe-it-introduction,
  author = {Grokability},
  title  = {About Grokability},
  url    = {https://snipeitapp.com/company}
}

@WWW{snipe-it-github,
  author = {Grokability},
  title  = {Snipe-IT on GitHub},
  url    = {https://github.com/snipe/snipe-it}
}

@WWW{snipe-it-features,
  author  = {Grokability},
  title   = {General Features},
  url     = {https://snipeitapp.com/product}
}

@WWW{lansweeper-history,
  title = {Lansweeper - Wikipedia},
  url   = {https://en.wikipedia.org/wiki/Lansweeper}
}

@WWW{lansweeper-features,
  author = {Lansweeper},
  title  = {Lansweeper IT Asset Discovery Features},
  url    = {https://www.lansweeper.com/it-network-discovery/}
}

@WWW{lansweeper-getting-started,
  author = {Lansweeper},
  title  = {Getting Started with Lansweeper},
  url    = {https://community.lansweeper.com/t5/installation/getting-started/ta-p/64556}
}

@Comment{jabref-meta: databaseType:biblatex;}
